<record><leader>00000cas a2200000 a 4500</leader><controlfield tag="001">12799485</controlfield><controlfield tag="008">851115d18661868gaudn ne      0    0eng c</controlfield><datafield ind1=" " ind2=" " tag="010"><subfield code="a">sn 85026946 </subfield></datafield><datafield ind1=" " ind2=" " tag="040"><subfield code="a">NPX</subfield><subfield code="b">eng</subfield><subfield code="c">NPX</subfield><subfield code="d">NYS</subfield><subfield code="d">OCL</subfield><subfield code="d">NYS</subfield><subfield code="d">NLG</subfield><subfield code="d">MGN</subfield><subfield code="d">NVF</subfield><subfield code="d">FUG</subfield><subfield code="d">TGN</subfield><subfield code="d">HLS</subfield><subfield code="d">OCLCQ</subfield><subfield code="d">GUA</subfield><subfield code="d">CUI</subfield><subfield code="d">OCLCQ</subfield><subfield code="d">OCLCF</subfield></datafield><datafield ind1="1" ind2=" " tag="029"><subfield code="a">AU@</subfield><subfield code="b">000024692344</subfield></datafield><datafield ind1=" " ind2=" " tag="042"><subfield code="a">pcc</subfield></datafield><datafield ind1=" " ind2=" " tag="043"><subfield code="a">n-us-ga</subfield></datafield><datafield ind1=" " ind2="4" tag="050"><subfield code="a">AN</subfield></datafield><datafield ind1="0" ind2="4" tag="245"><subfield code="a">The Daily news and herald.</subfield></datafield><datafield ind1="1" ind2="3" tag="246"><subfield code="a">Savannah news and herald</subfield></datafield><datafield ind1="1" ind2="3" tag="246"><subfield code="a">News and herald</subfield></datafield><datafield ind1=" " ind2=" " tag="260"><subfield code="a">Savannah, Ga. :</subfield><subfield code="b">S.W. Mason,</subfield><subfield code="c">1866-1868.</subfield></datafield><datafield ind1=" " ind2=" " tag="300"><subfield code="a">3 v.</subfield></datafield><datafield ind1=" " ind2=" " tag="310"><subfield code="a">Daily (except Sunday)</subfield></datafield><datafield ind1="0" ind2=" " tag="362"><subfield code="a">Vol. 2, no. 71 (Apr. 2, 1866)-v. 4, no. 220 (Sept. 26, 1868).</subfield></datafield><datafield ind1=" " ind2=" " tag="500"><subfield code="a">Editors: Samuel W. Mason, 1866-&lt;1867&gt;; Mason &amp; Estill, &lt;1868&gt;</subfield></datafield><datafield ind1=" " ind2=" " tag="500"><subfield code="a">Publishers: S.W. Mason, 1866-&lt;1867&gt;; Mason &amp; Estill, &lt;1868&gt;</subfield></datafield><datafield ind1=" " ind2=" " tag="530"><subfield code="a">Also on microfilm: Athens, Ga. : University of Georgia Libraries.</subfield></datafield><datafield ind1=" " ind2="0" tag="651"><subfield code="a">Savannah (Ga.)</subfield><subfield code="v">Newspapers.</subfield></datafield><datafield ind1=" " ind2="0" tag="651"><subfield code="a">Chatham County (Ga.)</subfield><subfield code="v">Newspapers.</subfield></datafield><datafield ind1=" " ind2="7" tag="655"><subfield code="a">Newspapers.</subfield><subfield code="2">fast</subfield><subfield code="0">(OCoLC)fst01423814</subfield></datafield><datafield ind1=" " ind2="7" tag="651"><subfield code="a">Georgia</subfield><subfield code="z">Chatham County.</subfield><subfield code="2">fast</subfield><subfield code="0">(OCoLC)fst01207617</subfield></datafield><datafield ind1=" " ind2="7" tag="651"><subfield code="a">Georgia</subfield><subfield code="z">Savannah.</subfield><subfield code="2">fast</subfield><subfield code="0">(OCoLC)fst01207319</subfield></datafield><datafield ind1=" " ind2=" " tag="752"><subfield code="a">United States</subfield><subfield code="b">Georgia</subfield><subfield code="c">Chatham</subfield><subfield code="d">Savannah.</subfield></datafield><datafield ind1="0" ind2=" " tag="775"><subfield code="t">Weekly news and herald</subfield></datafield><datafield ind1="0" ind2=" " tag="775"><subfield code="t">Tri weekly news and herald</subfield><subfield code="w">(DLC)sn 90052376</subfield><subfield code="w">(OCoLC)21485460</subfield></datafield><datafield ind1="0" ind2="8" tag="776"><subfield code="i">Online version:</subfield><subfield code="t">Daily news and herald</subfield><subfield code="w">(OCoLC)607917660</subfield></datafield><datafield ind1="0" ind2="0" tag="780"><subfield code="t">Savannah daily herald</subfield><subfield code="w">(DLC)sn 82014389</subfield><subfield code="w">(OCoLC)8773460</subfield></datafield><datafield ind1="0" ind2="0" tag="785"><subfield code="t">Savannah daily morning news (Savannah, Ga. : 1868)</subfield><subfield code="w">(DLC)sn 88074195</subfield><subfield code="w">(OCoLC)17724387</subfield></datafield></record>